3854 5580
823 185 983 298 ἰο

88 473 91 479 -
191 421 381 527 plantatae
407 441 598 525 putantur.
638 431 682 498 In
707 431 810 500 Nova
837 429 1043 502 Hollandia
1066 456 1142 504 una
1164 449 1313 508 tautum
1340 440 1484 533 species
1510 466 1622 536 quam
1643 454 1729 516 rna&
1805 468 1810 475 ·

190 560 292 633 xime
325 561 527 655 peculiaris
558 574 705 653 reperta
740 574 821 650 est,
866 561 1145 667 quaequidem
1171 569 1326 639 nonnisi
1350 570 1391 637 iu
1419 570 1479 639 his
1508 575 1729 670 regionibus

134 703 154 767 ‚¹
189 706 325 785 sponte
361 713 527 761 crescere
558 689 715 759 videtur.
768 769 774 778 ³

305 821 498 891 'Plurimae
531 820 752 890 Nicetianae
793 822 990 916 hucusque
1026 825 1204 902 inventae
1243 829 1408 898 radicem
1443 845 1562 925 agunt
1594 828 1731 927 framo-

192 975 274 1022 sam
315 951 600 1042 fibrosamque,
646 951 810 1020 ramulos
853 953 1091 1024 emittentem
1129 958 1278 1052 saepius
1314 958 1569 1029 horizontales
1611 962 1729 1053 quam

189 1079 538 1176 perpendiculares,
582 1081 788 1149 nonnullae
814 1081 941 1151 radice
967 1085 1159 1154 fusiformi
1193 1103 1281 1156 sunt
1306 1070 1542 1157 instructae(
1599 1092 1732 1163 Maior
1815 1111 1819 1119 ·

190 1210 385 1281 diversitas
421 1211 463 1276 iu
506 1211 611 1277 caule
642 1209 952 1302 deprehenditur:
990 1213 1032 1281 in
1064 1214 1131 1304 iis,
1167 1240 1262 1308 quae
1299 1239 1445 1286 annuae
1480 1233 1586 1307 sunt,
1629 1245 1731 1312 quae

114 1395 116 1407 ,
192 1340 345 1431 quidem
381 1352 468 1414 sunt
497 1339 611 1435 louge
644 1340 848 1432 plurimae,
887 1343 1002 1410 caulis
1036 1359 1092 1412 est
1124 1345 1349 1435 herbaceus,
1390 1347 1432 1413 in
1462 1316 1784 1418 caeteris'sdf's

124 1444 131 1455 ⁸
190 1467 414 1558 fruticosus,
461 1469 503 1535 in
547 1493 621 1538 uua
659 1470 808 1545 tanturn
848 1471 1102 1543 arborescons.
1184 1477 1339 1544 Caulem
1373 1487 1545 1542 erectum
1585 1476 1733 1545 habent

193 1619 342 1701 qmnes,
383 1621 460 1665 una
492 1599 887 1684 excepta„pturtmae
920 1608 1084 1683 superne
1116 1606 1246 1689 magis
1276 1626 1486 1691 ramosum,
1523 1626 1637 1695 quam
1668 1606 1729 1674 in-

190 1725 315 1814 ferne,
351 1723 465 1792 ramis
495 1721 537 1786 iu
563 1719 797 1813 pedunculos
827 1717 1106 1809 desinentibus,
1148 1723 1275 1811 plures
1304 1738 1481 1812 teretem,
1520 1735 1730 1802 nonnullae

150 1839 153 1844 ¹
192 1853 436 1948 angulatum,
477 1849 662 1941 plurimae
696 1849 784 1940 pilis
816 1861 958 1917 tectum
978 1849 1238 1939 tenuissimis,
1268 1851 1332 1942 qui
1360 1855 1510 1942 quidem
1536 1858 1575 1924 in
1605 1864 1730 1930 omni-

114 1997 119 2005 ·
190 1980 260 2050 bus
288 1983 366 2049 fere
391 1978 557 2074 partibus
586 1976 697 2044 uiridi
726 1977 851 2045 colore
879 1991 1078 2068 apparent,
1103 1978 1592 2070 liquoremque-secernunt
1618 1976 1731 2080 visci·
1828 2037 1830 2040 -

83 2129 112 2209 Χ·
193 2111 305 2201 dum,
343 2109 542 2205 globulum
573 2106 751 2203 exiguum
787 2107 828 2174 in
857 2106 962 2198 apice
992 2106 1237 2194 formantem,
1279 2109 1393 2177 odore
1419 2114 1600 2202 peculiari
1627 2116 1732 2187 iniu-

194 2240 334 2330 cundo,
364 2240 429 2332 qui
452 2237 678 2330 principium
705 2236 938 2304 narcoticum
966 2235 1162 2332 designare
1192 2250 1228 2304 et
1255 2237 1299 2305 ab
1327 2262 1398 2307 usu
1416 2239 1552 2308 harum
1578 2245 1730 2335 plauta—
1815 2293 1818 2305 »

115 2451 117 2454 y
194 2392 279 2440 rum
308 2367 500 2439 dehortari
527 2367 684 2436 videtur.
1608 2404 1611 2410 ·
1741 2386 1748 2412 ¹

122 2524 125 2529 ‘
248 2528 253 2540 r
295 2501 399 2570 Folia
421 2499 462 2565 in
490 2499 573 2567 aliis
598 2495 744 2568 sessilia
773 2508 811 2565 et
833 2496 1140 2592 amplexioauli‘a,
1170 2499 1320 2569 in'aliis
1348 2500 1432 2594 plus
1461 2500 1635 2571 minusve
1659 2528 1730 2597 pe·

193 2629 346 2719 tiolata,
368 2628 558 2713 interdum
580 2629 622 2696 in
642 2628 829 2721 petiolum
852 2621 1105 2720 decurrentia,
1134 2631 1175 2698 in
1198 2630 1353 2698 diversis
1381 2632 1575 2723 speciebus
1603 2619 1729 2724 ¹forma

194 2756 359 2830 maxime
387 2757 529 2828 diversa
564 2756 865 2850 conspiciuntur,
907 2780 1003 2848 quae
1031 2752 1165 2828 tamen
1193 2758 1239 2828 ad
1273 2760 1363 2828 duas
1393 2761 1534 2830 formas
1562 2766 1731 2833 revocari

197 2903 355 2986 possunt
363 2889 441 2979 ,acl
467 2889 656 2959 cordatam
680 2902 716 2956 et
732 2888 1001 2977 lanceolatam,
1028 2889 1082 2957 ita
1107 2890 1288 2979 variatas,
1309 2905 1352 2958 ut
1375 2890 1466 2958 alias
1490 2890 1615 2958 videas
1644 2916 1728 2983 spe-

200 3020 273 3090 cies
298 2999 400 3090 loliis
424 3018 687 3107 subrotundis,
709 3018 800 3086 alias
831 3015 950 3086 ovatis
975 3019 1036 3087 vel
1066 3019 1242 3116 oblongis
1267 3022 1327 3087 vel
1354 3021 1649 3115 subspathulatis
1678 2999 1748 3089 si·⁸

197 3153 334 3222 milive·
352 3152 473 3219 forma
496 3149 710 3237 instructis,
737 3149 791 3215 ita
818 3163 860 3216 ut
888 3171 1000 3242 saepe
1026 3151 1154 3242 plures
1181 3151 1324 3218 formae
1349 3152 1390 3218 in
1420 3175 1492 3218 una
1514 3151 1638 3242 specie
1667 3173 1728 3218 co-

199 3285 374 3370 alescant.
429 3279 610 3348 Omnium
637 3280 848 3372 specierum
874 3280 965 3348 lolia
990 3296 1077 3349 sunt
1099 3281 1265 3378 integra,
1293 3280 1539 3373 plurimarum
1558 3281 1729 3375 ¹integer-

199 3415 310 3501 rima,
332 3413 387 3495 ‘in
416 3433 492 3478 una
519 3423 666 3477 tanturn
694 3424 843 3476 arenata
867 3426 905 3478 et
930 3409 1101 3496 dentata,
1136 3410 1178 3476 in
1203 3411 1400 3503 perpaucis
1427 3411 1608 3503 repanda,
1638 3433 1730 3498 quo-

201 3544 246 3612 ad
276 3541 543 3645 expansionem
569 3539 618 3626 ¹in
657 3538 870 3623 nonnullis,
904 3539 1126 3629 praesertim
1153 3541 1364 3633 superiora,
1411 3563 1567 3635 rugosa,
1608 3537 1730 3605 undu·

200 3675 276 3742 lata
304 3671 363 3739 vel
392 3671 522 3761 crispa.
577 3667 792 3762 Longitudo
821 3668 861 3734 iu
888 3669 1082 3737 nonnullis
1109 3669 1245 3761 pedem
1274 3669 1434 3756 excedit,
1474 3671 1515 3735 in
1544 3692 1617 3760 una
1646 3690 1731 3757 spe·

204 3805 261 3874 cie
285 3802 348 3870 vix
373 3800 554 3893 pollicem
583 3812 735 3888 aequat,
770 3797 928 3867 latitudo
955 3801 998 3868 in
1025 3799 1184 3896 siugulis
1215 3815 1300 3892 apta
1325 3824 1370 3868 ex
1392 3799 1512 3881 forma
1541 3812 1578 3864 et
1606 3795 1731 3890 longi-

202 3933 343 4002 tudine.
418 3930 547 3998 Floras
565 3929 658 4019 plus
687 3927 1103 4019 minusvepedicellati
1128 3930 1287 3998 bracteis
1314 3929 1356 3996 in
1377 3928 1571 3995 nonnullis
1599 3905 1731 3993 sussul-

205 4063 365 4132 ciuntur.
420 4061 465 4130 In
492 4057 575 4126 aliis
598 4056 638 4125 in
662 4058 820 4127 racemis
848 4071 937 4125 sunt
964 4057 1149 4151 dispositi,
1177 4058 1219 4125 in
1247 4059 1328 4126 aliis
1353 4059 1394 4126 in
1421 4056 1609 4149 panicula,
1639 4079 1733 4146 quae

205 4190 394 4261 interdum
410 4187 722 4279 subcorymbosa5
750 4188 792 4273 in
815 4189 1024 4282 perpaucis·
1041 4187 1304 4258 tantummodo
1332 4210 1371 4254 re
1399 4187 1618 4268 veraflores
1641 4184 1732 4251 asil-

205 4324 301 4394 lares
320 4316 612 4411 conspiciuntur.
665 4321 800 4392 Forma
824 4319 950 4416 >magis
981 4319 1097 4388 etiam
1119 4318 1221 4387 inter
1249 4340 1289 4385 se
1316 4317 1510 4408 differunt,
1539 4335 1650 4408 quam
1678 4311 1733 4380 lo-
