3854 5580
833 250 863 342 8
907 330 975 356 &stu
1037 340 1042 345 -
1058 336 1063 349 ι

74 465 203 554 etiarn,
231 473 267 533 et
282 471 441 551 propter
459 458 650 550 insignem
672 457 763 546 viri,
791 459 858 548 qui
886 473 974 530 aute
998 482 1057 530 me
1083 483 1124 529 eo
1142 458 1311 555 functus
1339 475 1405 551 est,
1431 467 1613 558 gloriam,

77 640 114 695 et
138 634 295 712 propter
319 620 479 707 egregia
508 618 679 687 virorum
714 619 873 708 merita,
910 621 950 688 in
978 642 1136 710 quorum
1163 621 1240 688 iam
1267 623 1488 692 sodalitium
1516 649 1619 694 rece-

75 797 163 876 ptus
190 800 280 869 sum.

183 940 265 1007 Iam
291 954 373 1000 oum
399 931 728 1024 circumspicerem
755 934 993 1021 incertusque
1019 901 1234 1021 linirerem,
1276 957 1347 1023 quo
1362 938 1523 1006 sanaem
1549 943 1618 1007 do-

82 1107 253 1170 cumento
279 1104 433 1178 gratum
456 1114 576 1158 mcum
601 1094 768 1161 animum
798 1091 921 1188 almae
953 1091 1041 1158 urbi
1064 1091 1345 1180 Hamburgensi
1369 1063 1618 1186 iestzficorer,
1667 1090 1673 1102 '

81 1256 128 1326 ob
156 1209 338 1323 tenorem
364 1270 556 1336 summum,
582 1273 688 1339 quem
712 1250 929 1318 detulerunt
954 1249 996 1316 in
1018 1271 1087 1337 me,
1114 1249 1181 1316 oin
1211 1272 1252 1317 eo
1280 1250 1460 1341 dignum,
1488 1253 1617 1320 simul-

83 1434 153 1504 quc
183 1406 419 1477 vehementer
448 1363 637 1494 ontarem,
667 1407 830 1494 collegis
856 1407 967 1494 meis,
996 1407 1099 1474 viris
1131 1409 1310 1474 doctrina
1339 1409 1620 1499 excellentibus,
1684 1441 1687 1445 ’

84 1567 183 1659 milti
219 1585 309 1633 vero
347 1559 539 1650 imprimis
575 1579 612 1631 et
643 1565 764 1632 animi
794 1566 961 1633 candore
999 1577 1034 1631 et
1069 1564 1174 1647 vitae
1210 1520 1405 1653 probitate
1440 1566 1643 1652 colendr's,''

86 1722 281 1798 amicitiae
312 1729 492 1783 tesseram
523 1713 683 1806 offerre,
730 1714 771 1780 in
802 1713 902 1780 hanc
933 1713 1378 1809 ineidrfzccogitatiouem,
1421 1734 1461 1787 ut
1495 1690 1622 1810 operis

82 1895 231 1977 partem
245 1872 594 1969 mercimoniam,
615 1893 725 1960 quam
741 1869 839 1936 milri
858 1864 942 1956 ipse
957 1889 1166 1936 summram
1182 1869 1469 1966 elaborandam,
1487 1877 1624 1966 qnippe

70 2037 182 2133 'quae
216 2031 408 2105 commode
441 2030 601 2097 seorsim
636 2027 699 2094 edi
735 2024 879 2115 possit,
923 2013 1157 2129 typothetae·
1175 2029 1401 2097 tradendam
1435 2017 1622 2126 curarem,

90 2220 166 2287 ηοη
193 2193 344 2285 quidem
371 2183 574 2276 ignorans,
618 2185 837 2276 opusculum
868 2183 930 2253 rei
953 2162 1144 2271 grauitati
1175 2206 1251 2252 non
1280 2187 1377 2253 satis
1407 2192 1621 2282 convenire,

4 2326 7 2331 ’
88 2372 292 2452 persuasus
317 2370 428 2436 vero,
485 2343 746 2433 pervacuam
772 2343 949 2413 benevole
974 2353 1166 2454 acceptum
1194 2342 1269 2434 iri,
1310 2346 1512 2433 usquedum
1534 2351 1648 2439 (ἦς-υ

93 2517 207 2585 niora
230 2506 383 2575 licuerit
404 2500 595 2595 proferre.
