3854 5580
660 387 693 477 f
856 397 930 482 ‘at'

22 675 24 678 .
63 636 88 726 Ι“
128 615 199 704 lia,
229 606 283 706 et,
312 578 421 719 qnod
447 638 558 709 saepe
569 580 784 703 occurrit.
794 582 976 707 species,
1001 587 1108 708 quae
1133 575 1316 684 loliorum
1334 585 1462 683 lorma
1489 617 1666 708 proxime
1719 674 1734 712 a

129 760 311 840 cognatae
338 748 552 835 videantur,
580 745 691 814 flores
720 745 864 814 habent
889 747 1054 836 maxime
1080 747 1181 821 inter
1207 768 1247 812 se
1275 745 1458 832 diversm,
1486 761 1528 813 ut
1554 762 1663 814 natu

126 873 246 942 ratem
268 878 406 946 seriem·
436 877 538 944 inter
571 876 723 970 species
755 873 1008 964 constituere,
1045 897 1158 969 quam
1186 842 1339 943 difficile
1370 873 1435 960 sit,
1472 874 1663 943 facilem

126 1002 330 1098 telligatur.
388 1009 557 1101 Quarum
582 1004 734 1098 quidem
755 988 972 1096 formarum
994 979 1188 1073 diversitas
1210 1025 1327 1093 quum
1345 986 1663 1097 ΞΞΞΞξΞΞΞΞΞΞΞΞῖΞΞ-

125 1145 188 1202 tur
209 1134 251 1203 in
278 1136 542 1230 sequentibus,
574 1156 694 1204 unum
718 1133 913 1206 hocloco
927 1132 1197 1225 adiiciendum
1221 1131 1477 1220 arbitramur,
1501 1133 1664 1204 formam

127 1263 292 1334 corollae
327 1266 548 1358 primariam
581 1263 977 1348 infundibuliformem
1012 1248 1150 1366 videri,
1188 1274 1270 1330 tum
1304 1262 1350 1329 ob
1389 1283 1473 1329 earn
1497 1285 1662 1354 causam,

126 1389 230 1482 quod
261 1393 305 1462 in
340 1394 415 1479 hoc
447 1416 588 1491 genere
617 1395 725 1465 nulla
754 1393 828 1473 alia
860 1407 918 1472 est
952 1390 1187 1484 frequentior
1220 1405 1259 1464 et
1296 1393 1463 1486 reliquae
1498 1391 1543 1460 ad
1581 1416 1665 1462 earn

125 1498 301 1610 proxime
328 1498 555 1615 ¹accedunt,
605 1538 689 1595 tum
730 1524 820 1616 quia
860 1522 903 1595 in
941 1521 1051 1590 his·'
1042 1520 1136 1615 ipsis
1179 1520 1379 1615 speciebus
1421 1497 1665 1613 conspicitur,
1727 1499 1740 1546 ³·

61 1631 67 1645 ’
126 1668 222 1738 quae
271 1664 412 1747 typum
452 1654 602 1750 generis
645 1651 789 1755 optime
831 1653 1012 1720 referunt.
1099 1651 1144 1718 In
1179 1649 1355 1734 plurimis
1391 1650 1529 1719 florum
1563 1666 1664 1719 exte

125 1773 204 1844 rior
226 1776 340 1843 facies
365 1774 453 1864 pilis
476 1767 760 1879 ῖΞΞΞΞΞεΞΞΞΞΞ[
732 1743 802 1832 rel
816 1753 1065 1887 pubescentia
1080 1739 1242 1837 obtecta
1269 1784 1326 1836 est
1351 1770 1436 1858 illa,
1476 1776 1666 1867 liquorem

47 1888 51 1896 ’
125 1883 315 1972 viscidum
345 1911 582 1989 secernente,
624 1895 743 1982 cuiue
763 1895 856 1979 'tarn
869 1916 982 1992 supra
1007 1893 1051 1964 in
1078 1896 1195 1990 caulis
1224 1888 1477 1997 descriptione
1502 1903 1663 2001 fecimus

125 2033 372 2123 mentionem
658 2078 661 2083 -
809 2073 811 2077 ,
1073 2046 1083 2078 ⁸
1476 2114 1480 2120 .

227 2163 288 2232 De
314 2181 542 2256 organorum
571 2156 628 2267 ad
648 2155 759 2241 fruct
749 2157 863 2239 fica
837 2172 983 2237 ionem
1009 2155 1302 2250 pertinentium,
1346 2160 1394 2231 de
1423 2167 1662 2257 capsularum
1750 2137 1752 2143 Ι

127 2302 166 2358 et
198 2288 388 2358 seminum
416 2263 602 2356 structura
629 2310 747 2389 quum
775 2269 815 2356 in
842 2287 1085 2382 sequentibus
1121 2291 1330 2360 accuratius
1356 2269 1583 2385 disputatori
1610 2299 1660 2366 si-

119 2400 231 2506 mus,
255 2417 300 2484 de
323 2418 662 2509 transplantatione
684 2394 811 2486 autem
833 2417 969 2485 harum
992 2413 1096 2508 plant
1102 2404 1207 2486 aium
1234 2420 1274 2485 in
1304 2423 1507 2519 Europam,
1535 2424 1581 2494 de
1599 2447 1668 2494 ea

126 2569 286 2640 rumque
311 2548 624 2642 propagatione,
637 2546 688 2636 de
715 2525 887 2652 cultura
891 2560 936 2619 et
954 2546 1220 2639 fabricatione,
1258 2546 1302 2614 de
1330 2571 1420 2616 usu
1429 2565 1466 2618 et
1488 2553 1658 2622 utilitate
1722 2565 1725 2575 “

29 2701 37 2713 ’
127 2676 286 2768 aliisque
313 2677 456 2766 multis,
485 2699 598 2767 quae
606 2676 665 2766 acl
679 2653 824 2774 hunul
818 2699 939 2763 ocum
958 2676 1185 2772 pertinent,
1190 2675 1301 2746 aliol
1287 2679 1370 2748 loco
1399 2677 1580 2755 disserere
1608 2685 1659 2769 sit
1719 2719 1721 2722 ¹
1761 2663 1764 2667 .

127 2803 339 2895 inanimo,
364 2807 463 2906 nihil
488 2807 552 2876 hic
576 2806 723 2903 putari1
733 2805 982 2897 addendum.
