3854 5580
360 910 1444 1012 “enoesooueun“

813 1136 1005 1165 Δ*

274 1414 383 1484 Anni
415 1415 493 1483 iant
524 1412 670 1507 aiz‘quot
695 1410 952 1508 praeteriere,
998 1435 1045 1486 ete
1076 1408 1211 1506 astibus
1237 1417 1286 1485 ele
1312 1414 1521 1484 Nicotiana
1537 1409 1706 1482 institui

173 1572 356 1661 scribere,
393 1575 612 1662 plantarum
642 1597 782 1663 genere
810 1576 940 1644 multis
973 1576 1069 1644 iocis
1096 1573 1244 1661 insigni
1273 1588 1309 1642 et
1340 1572 1522 1662 notabili,
1560 1570 1708 1639 laboris

172 1728 276 1797 socio
306 1682 496 1813 assumpto
526 1719 726 1812 Simersio,
762 1714 817 1791 M.
849 1725 897 1790 D.
927 1724 1144 1810 Hamburgi
1166 1737 1359 1812 versante,
1382 1723 1706 1815 familiarissimo

98 1849 108 1857 κ
143 1882 271 1971 meo,
297 1885 363 1972 qui
392 1883 465 1971 otii
491 1881 694 1947 maximam
716 1893 865 1969 partem
889 1880 1001 1968 ponit
1027 1879 1068 1946 in
1093 1893 1177 1947 arte
1202 1881 1381 1949 botanico
1411 1883 1570 1950 colendo
1596 1896 1709 1971 atque
1787 1981 1790 1986 Ι

173 2042 391 2108 exercenda.
451 2037 709 2126 Propositum
727 2036 838 2104 nobis
863 2047 963 2133 erat,
998 2052 1034 2105 et
1072 2059 1325 2126 quaecumque
1351 2040 1400 2105 de
1433 2041 1513 2108 eius
1539 2012 1709 2110 historia

177 2199 261 2265 erui
288 2208 448 2286 possunt
472 2216 674 2283 exponere,
703 2206 739 2260 et
764 2195 1033 2284 disquisitioni
1057 2195 1258 2261 botanicae
1290 2218 1334 2262 ea
1364 2198 1492 2265 omnin
1524 2199 1707 2289 adie'cere,

173 2374 268 2443 qnae
302 2373 349 2418 ex
376 2352 485 2419 vario
516 2352 597 2418 eius
630 2368 699 2418 usu
726 2354 944 2421 redundant
975 2332 1027 2420 id
1053 2365 1175 2419 ortem
1205 2355 1408 2440 medicam,
1451 2338 1706 2445 ditieteticam,

174 2509 468 2596 oeconomicam,
496 2509 724 2598 teclinicam,
751 2521 789 2576 et
811 2531 901 2576 vero
927 2511 1041 2578 etiarn
1069 2511 1122 2578 ad
1145 2507 1339 2593 clientium.
1422 2509 1502 2577 Iam
1530 2529 1640 2599 quum
1658 2525 1706 2591 ¹et

173 2689 268 2754 qzsae
293 2679 382 2734 ante
407 2682 476 2732 nos
506 2666 586 2734 oiri
610 2624 719 2735 docti
742 2667 790 2733 de
817 2666 1028 2735 Nicotiana
1051 2665 1301 2768 observarunt
1321 2669 1490 2736 studiose
1509 2688 1707 2756 persecru-

175 2824 249 2889 toti
274 2845 451 2914 essemus,
487 2837 524 2891 et
551 2825 658 2892 ambo
689 2825 730 2892 in
757 2818 960 2894 itineribus
988 2825 1132 2892 nostris
1161 2826 1384 2912 diligentem
1415 2824 1478 2893 nis
1503 2825 1614 2892 rebus
1643 2847 1704 2893 cu·

173 3000 256 3044 ram
284 3000 540 3068 navassemus,
570 2995 605 3048 et
626 2997 827 3071 praeterea
850 2984 1109 3070 contingeret,
1145 2995 1186 3048 ut
1206 2982 1408 3048 multorum
1433 2981 1603 3050 virorum
1630 2983 1705 3085 ela·
1732 2942 1738 2949 »

173 3137 412 3204 rissimorum
442 3139 702 3205 benevolentia
730 3139 1003 3206 a‘diuoaremur
1039 3139 1080 3206 in
1107 3140 1233 3207 studio
1258 3151 1409 3226 nostro,
1452 3139 1552 3208 hane
1578 3138 1706 3244 animo

174 3315 273 3382 spem
309 3295 449 3362 licebat
477 3296 694 3383 concipere,
729 3295 765 3362 si
794 3317 885 3384 opus
922 3298 973 3362 ael
996 3294 1121 3386 finem
1143 3310 1276 3384 posset
1304 3297 1481 3385 perduoi,
1503 3293 1622 3388 sore,
1664 3307 1706 3364 ut

170 3449 382 3541 perfectius
415 3454 591 3519 evaderet
624 3465 658 3518 et
701 3445 939 3539 absolutiuS,
994 3477 1106 3543 quam
1157 3477 1252 3543 auae
1296 3453 1484 3542 hucusque
1526 3450 1626 3532 hunc
1666 3451 1709 3521 in

160 3607 286 3701 finem
312 3608 458 3696 scripta
487 3622 618 3676 essent.
649 3702 653 3713 Ι
694 3609 836 3677 'Plures
861 3632 950 3677 vero
970 3604 1115 3711 ¹causae
1143 3609 1371 3697 impediunt,
1418 3610 1640 3698 quominus
1666 3631 1709 3677 eo

172 3768 274 3852 quod
303 3779 556 3833 statueramus
585 3759 710 3854 spatio
750 3767 878 3833 omnia
904 3764 1090 3856 conficere
1121 3767 1330 3856 possimus,
1369 3787 1463 3855 quoe
1488 3767 1707 3835 necessaria

54 3911 57 3914 ’
96 3956 99 3960 ’
173 3921 344 3989 ducimus
367 3924 419 3989 ad
444 3945 540 4008 rem,
563 3935 605 3988 ut
619 3944 695 4010 par
722 3936 796 4012 est,
825 3923 1104 3992 absolvendam.

280 4079 434 4145 Interea
463 4070 652 4146 historiae
677 4081 868 4149 naturalis
889 4079 1131 4172 professoris
1154 4095 1288 4170 munus
1316 4079 1355 4148 in
1371 4070 1587 4170 ‘Gymnasio
1615 4102 1708 4151 aaa·

175 4232 340 4327 demico,
380 4235 480 4322 quod
506 4236 723 4324 Hamburgi
733 4233 876 4328 floret,
905 4237 962 4304 in
990 4258 1047 4304 nze
1074 4237 1297 4305 translatum
1327 4251 1399 4325 est,
1432 4237 1531 4305 miiu'
1554 4240 1707 4327 quz'olem

162 4390 301 4464 ¹multis
327 4391 375 4458 ele
402 4390 530 4461 causis
555 4394 630 4461 non
652 4374 797 4464 tantum
830 4395 1144 4464 iucundissimum
1177 4381 1255 4464 sed'
1276 4382 1705 4488 honorificentissimum
1808 4404 1813 4411 '
